@article{example2025,
  author = {John Doe},
  title = {An Example Article},
  journal = {Journal of Examples},
  year = {2025},
  volume = {1},
  number = {1},
  pages = {1-10},
  publisher = {Example Publisher}
}
